@article{felsenstein1985phylogenies,
title={Phylogenies and the comparative method},
author={Felsenstein, Joseph},
journal={The American Naturalist},
volume={125},
number={1},
pages={1--15},
year={1985},
publisher={University of Chicago Press}
}


@article{li2017statistical,
title={The statistical need to include phylogeny in trait-based analyses of community composition},
author={Li, Daijiang and Ives, Anthony R},
journal={Methods in Ecology and Evolution},
volume={8},
number={10},
pages={1192--1199},
year={2017},
publisher={Wiley Online Library}
}

@article{grafen1989phylogenetic,
title={The phylogenetic regression},
author={Grafen, Alan},
journal={Phil. Trans. R. Soc. Lond. B},
volume={326},
number={1233},
pages={119--157},
year={1989},
publisher={The Royal Society}
}

@article{pagel1999inferring,
title={Inferring the historical patterns of biological evolution},
author={Pagel, Mark},
journal={Nature},
volume={401},
number={6756},
pages={877},
year={1999},
publisher={Nature Publishing Group}
}

@article{lynch1991methods,
title={Methods for the analysis of comparative data in evolutionary biology},
author={Lynch, Michael},
journal={Evolution},
volume={45},
number={5},
pages={1065--1080},
year={1991},
publisher={Wiley Online Library}
}

@article{blomberg2003testing,
title={Testing for phylogenetic signal in comparative data: behavioral traits are more labile},
author={Blomberg, Simon P and Garland Jr, Theodore and Ives, Anthony R},
journal={Evolution},
volume={57},
number={4},
pages={717--745},
year={2003},
publisher={BioOne}
}

@article{felsenstein1973maximum,
title={Maximum-likelihood estimation of evolutionary trees from continuous characters.},
author={Felsenstein, Joseph},
journal={American journal of human genetics},
volume={25},
number={5},
pages={471},
year={1973},
publisher={Elsevier}
}


